
@article{flp,
  title={Impossibility of distributed consensus with one faulty process},
  author={Fischer, Michael J and Lynch, Nancy A and Paterson, Michael S},
  journal={Journal of the ACM (JACM)},
  volume={32},
  number={2},
  pages={374--382},
  year={1985},
  publisher={ACM},
  annote={fully async deterministic consensus is impossible.
	"no completely asynchronous consensus protocol can tolerate even a single unannounced process death" 
  }
}

@article{impossibility,
  title={Easy impossibility proofs for distributed consensus problems},
  author={Fischer, Michael J and Lynch, Nancy A and Merritt, Michael},
  journal={Distributed Computing},
  volume={1},
  number={1},
  pages={26--39},
  year={1986},
  publisher={Springer}
}


@article{defago2004total,
  title={Total order broadcast and multicast algorithms: Taxonomy and survey},
  author={D{\'e}fago, Xavier and Schiper, Andr{\'e} and Urb{\'a}n, P{\'e}ter},
  journal={ACM Computing Surveys (CSUR)},
  volume={36},
  number={4},
  pages={372--421},
  year={2004},
  publisher={ACM}
}



@inproceedings{free-choice,
  title={Another advantage of free choice (extended abstract): Completely asynchronous agreement protocols},
  author={Ben-Or, Michael},
  booktitle={Proceedings of the second annual ACM symposium on Principles of distributed computing},
  pages={27--30},
  year={1983},
  organization={ACM},
  annote={somehow this cites flp.
  Can solve flp with probability 1 using non-determinism.
  2t+1 for non-byzantine, 5t+1 for byzantine version.
  "dont know whether N > 5t is best possible bound " ... :p
  each node flips a coin locally and broadcasts result - if enough of them, its the common coin.
  number of rounds to reach consensus is exponential in async case
  }
}


@inproceedings{rabin1983randomized,
	title={Randomized byzantine generals},
	author={Rabin, Michael O},
	booktitle={Foundations of Computer Science, 1983., 24th Annual Symposium on},
	pages={403--409},
	year={1983},
	organization={IEEE},
	annote={
		use shamir secret sharing to distribute the coin.
		requires trusted dealer for initial setup.
		constant time. expected number of rounds is O(T(n)).
	}
}

@article{chor1985simple,
  title={A simple and efficient randomized byzantine agreement algorithm},
  author={Chor, Benny and Coan, Brian A},
  journal={Software Engineering, IEEE Transactions on},
  number={6},
  pages={531--539},
  year={1985},
  publisher={IEEE},
  annote={synchronous only. small set of size g flip, terminates in 2t/g rounds with a common coin.
	no crypto, less redundnacy requires than BenOr}
}

@article{paxos_simple,
  title={Paxos made simple},
  author={Lamport, Leslie and others},
  journal={ACM Sigact News},
  volume={32},
  number={4},
  pages={18--25},
  year={2001}
}


@incollection{draper_lab,
  title={The evolution of fault tolerant computing at the Charles Stark Draper Laboratory, 1955--85},
  author={Hopkins Jr, Albert L and Lala, Jaynarayan H and Smith III, T Basil},
  booktitle={The Evolution of fault-tolerant computing},
  pages={121--140},
  year={1987},
  publisher={Springer},
  annoted={early days for aviation}
}





# a great history
http://betathoughts.blogspot.ca/2007/06/brief-history-of-consensus-2pc-and.html

@article{clocks,
  title={Time, clocks, and the ordering of events in a distributed system},
  author={Lamport, Leslie},
  journal={Communications of the ACM},
  volume={21},
  number={7},
  pages={558--565},
  year={1978},
  publisher={ACM},
  annote={first consensus paper
	relativity of concurrent processes
  	ordering based on message passing.
	introduces distribtued state machine
  }
}

@article{pease1980reaching,
  title={Reaching agreement in the presence of faults},
  author={Pease, Marshall and Shostak, Robert and Lamport, Leslie},
  journal={Journal of the ACM (JACM)},
  volume={27},
  number={2},
  pages={228--234},
  year={1980},
  publisher={ACM},
  annote={ first to show that the best we can do in byzantine is 3t+1 
	  statement of byzantine generals before it was called byzantine generals.
	an algo where t faults requires t+1 rounds (ie. 1 fault requires 2 rounds ...)
	howevver, if authentication is used, then we can tolerate an arbitrary number of byzantine faults t<=N given t+1 rounds
  }
}

@article{gettier,
  title={On the logical unsolvability of the Gettier problem},
  author={Floridi, Luciano},
  journal={Synthese},
  volume={142},
  number={1},
  pages={61--79},
  year={2004},
  publisher={Springer}
}



@article{lamport1982byzantine,
  title={The Byzantine generals problem},
  author={Lamport, Leslie and Shostak, Robert and Pease, Marshall},
  journal={ACM Transactions on Programming Languages and Systems (TOPLAS)},
  volume={4},
  number={3},
  pages={382--401},
  year={1982},
  publisher={ACM
	  coins Byzantine and expands on pease1980reaching
  
  }
}

@article{paxos,
  title={The part-time parliament},
  author={Lamport, Leslie},
  journal={ACM Transactions on Computer Systems (TOCS)},
  volume={16},
  number={2},
  pages={133--169},
  year={1998},
  publisher={ACM}
}


@incollection{lampson1996paxos,
  title={How to build a highly available system using consensus},
  author={Lampson, Butler W},
  booktitle={Distributed Algorithms},
  pages={1--17},
  year={1996},
  publisher={Springer},
  annote={practical guide to using paxos}
}

@inproceedings{dynamo,
  title={Dynamo: amazon's highly available key-value store},
  author={DeCandia, Giuseppe and Hastorun, Deniz and Jampani, Madan and Kakulapati, Gunavardhan and Lakshman, Avinash and Pilchin, Alex and Sivasubramanian, Swaminathan and Vosshall, Peter and Vogels, Werner},
  booktitle={ACM SIGOPS Operating Systems Review},
  volume={41},
  number={6},
  pages={205--220},
  year={2007},
  organization={ACM}
}

@inproceedings{chubby,
  title={The Chubby lock service for loosely-coupled distributed systems},
  author={Burrows, Mike},
  booktitle={Proceedings of the 7th symposium on Operating systems design and implementation},
  pages={335--350},
  year={2006},
  organization={USENIX Association}
}

@inproceedings{zookeeper,
  title={ZooKeeper: Wait-free Coordination for Internet-scale Systems.},
  author={Hunt, Patrick and Konar, Mahadev and Junqueira, Flavio Paiva and Reed, Benjamin},
  booktitle={USENIX Annual Technical Conference},
  volume={8},
  pages={9},
  year={2010}
}


@article{rao2011using,
  title={Using Paxos to build a scalable, consistent, and highly available datastore},
  author={Rao, Jun and Shekita, Eugene J and Tata, Sandeep},
  journal={Proceedings of the VLDB Endowment},
  volume={4},
  number={4},
  pages={243--254},
  year={2011},
  publisher={VLDB Endowment}
}



@article{dls,
  title={Consensus in the presence of partial synchrony},
  author={Dwork, Cynthia and Lynch, Nancy and Stockmeyer, Larry},
  journal={Journal of the ACM (JACM)},
  volume={35},
  number={2},
  pages={288--323},
  year={1988},
  publisher={ACM}
}

@incollection{ppbft,
  title={On the practicality of practical Byzantine fault tolerance},
  author={Chondros, Nikos and Kokordelis, Konstantinos and Roussopoulos, Mema},
  booktitle={Proceedings of ACM/IFIP/USENIX International Middleware Conference (MIDDLEWARE)},
  pages={436--455},
  year={2012},
  publisher={Springer}
}


@inproceedings{pbft,
	  title={Practical Byzantine fault tolerance},
	  author={Castro, Miguel and Liskov, Barbara and others},
	  booktitle={Proceedings of the Third Symposium on Operating Systems Design and Implementation},
	  year={1999},
	  annote={
		  tolerates byzantine faults in asyncronous networks
		  public keys only used when there are faults
		  implemented NFS, performance on par UNIX
		  "We  do  assume  that  the  adversary cannot delay correct nodes indefinitely. "
		  "The algorithm does not rely on synchrony to provide safety.  Therefore, it must rely on synchrony to provide liveness; else violate FLP"
		  	- delay(t) does not grow faster than t indefintely

		  Protocol:
		  	- "buffer requests and multicast as a group" as optimization -> ie. make blocks
			- 3 steps: pre-prepare, prepare, commit
			- "The pre-prepare and prepare phases are used to totally
			order  requests  sent  in  the  same  view  even  when  the
			primary,  which  proposes  the  ordering  of  requests,  is
			faulty. The prepare and commit phases are used to ensure
			that requests that commit are totally ordered across views"
			- request not included in the pre-prepare: " decouples the  protocol to  totally  order
			requests from the protocol to transmit the request to the
			replicas"
			- generate state proofs at checkpoints, say every 100 requests
			- garbage collect messages upto checkpoints
			- complicated view change semantics ...
			- "We also believe that it is possible to reduce the number of copies of the state to but the details remain to be worked out"

	  }
}


@article{miller2014anonymous,
  title={Anonymous byzantine consensus from moderately-hard puzzles: A model for bitcoin},
  author={Miller, Andrew and LaViola Jr, Joseph J},
  journal={Retrieved from Anonymous Byzantine Consensus from Moderately-Hard Puzzles: A Model for Bitcoin},
  year={2014}
}


@inproceedings{yin2003separating,
  title={Separating agreement from execution for byzantine fault tolerant services},
  author={Yin, Jian and Martin, Jean-Philippe and Venkataramani, Arun and Alvisi, Lorenzo and Dahlin, Mike},
  booktitle={ACM SIGOPS Operating Systems Review},
  volume={37},
  number={5},
  pages={253--267},
  year={2003},
  organization={ACM},
  annote={
	realized that we can have 3f+1 in agreement replicas and 2f+1 in executing replicas
  }
}

@inproceedings{kotla2007zyzzyva,
  title={Zyzzyva: speculative byzantine fault tolerance},
  author={Kotla, Ramakrishna and Alvisi, Lorenzo and Dahlin, Mike and Clement, Allen and Wong, Edmund},
  booktitle={ACM SIGOPS Operating Systems Review},
  volume={41},
  number={6},
  pages={45--58},
  year={2007},
  organization={ACM}
}



@inproceedings{tsuchiya2007model,
  title={Model Checking of Consensus Algorit},
  author={Tsuchiya, Tatsuhiro and Schiper, Andr{\'e}},
  booktitle={Reliable Distributed Systems, 2007. SRDS 2007. 26th IEEE International Symposium on},
  pages={137--148},
  year={2007},
  organization={IEEE},
  annote={
	only uses model checking (ie temporal logic) to verify.
 	uses Heard-Of model, which captures synchrony degree and any type of non-malicious fault
	"first time standard model checking allows one to completely verify asynchronous consensus algorithms"
  }
}

@techreport{charron2006heard,
  title={The heard-of model: Unifying all benign failures},
  author={Charron-Bost, Bernadette and Schiper, Andr{\'e}},
  year={2006}
}


@incollection{francalanza2007fault,
  title={A fault tolerance bisimulation proof for consensus},
  author={Francalanza, Adrian and Hennessy, Matthew},
  booktitle={Programming Languages and Systems},
  pages={395--410},
  year={2007},
  publisher={Springer},
  annote={
	fine tune bisimulation techniques for partial failure settings
	some processes are reliable, thus immortal
	decompose to two parts: non-fault tolerant basic correctness, correctness preservation given faults
	based on riely1997distributed
	"We view our calculus as a partial-failure calculus rather than a distributed calculus as it permits action synchronisations across locations. This implies a tighter synchronisation assumption between locations, which in our calculus merely embody units of failure."
	op semantics are basic CCS plus perfect failure detection (susp) and dynamic failures (halt)

  }
}


@book{riely1997distributed,
  title={Distributed processes and location failures},
  author={Riely, James and Hennessy, Matthew},
  year={1997},
  publisher={Springer}
}


@article{chandra1996unreliable,
  title={Unreliable failure detectors for reliable distributed systems},
  author={Chandra, Tushar Deepak and Toueg, Sam},
  journal={Journal of the ACM (JACM)},
  volume={43},
  number={2},
  pages={225--267},
  year={1996},
  publisher={ACM}
}

@inproceedings{chandra2007paxos,
  title={Paxos made live: an engineering perspective},
  author={Chandra, Tushar D and Griesemer, Robert and Redstone, Joshua},
  booktitle={Proceedings of the twenty-sixth annual ACM symposium on Principles of distributed computing},
  pages={398--407},
  year={2007},
  organization={ACM},
  annote={ experience from building Chubby }
}


@book{csp,
	title={Communicating sequential processes},
	author={Hoare, Charles Antony Richard},
	year={1978},
	publisher={Springer}
}


@incollection{mutex,
  title={Solution of a problem in concurrent programming control},
  author={Dijkstra, Edsger W},
  booktitle={Pioneers and Their Contributions to Software Engineering},
  pages={289--294},
  year={2001},
  publisher={Springer}
}


@inproceedings{gray1981transaction,
  title={The transaction concept: Virtues and limitations},
  author={Gray, Jim and others},
  booktitle={VLDB},
  volume={81},
  pages={144--154},
  year={1981}
}

@book{gray1978notes,
  title={Notes on data base operating systems},
  author={Gray, James N},
  year={1978},
  publisher={Springer}
}

@article{eswaran1976notions,
  title={The notions of consistency and predicate locks in a database system},
  author={Eswaran, Kapali P. and Gray, Jim N and Lorie, Raymond A. and Traiger, Irving L.},
  journal={Communications of the ACM},
  volume={19},
  number={11},
  pages={624--633},
  year={1976},
  publisher={ACM}
}

@article{skeen1983formal,
  title={A formal model of crash recovery in a distributed system},
  author={Skeen, Dale and Stonebraker, Michael},
  journal={Software Engineering, IEEE Transactions on},
  number={3},
  pages={219--228},
  year={1983},
  publisher={IEEE}
  notes={three phase commit}
}






@article{sift,
  title={SIFT: Design and analysis of a fault-tolerant computer for aircraft control},
  author={Wensley, John H and Lamport, Leslie and Goldberg, Jack and Green, Milton W and Levitt, Karl N and Melliar-Smith, Po Mo and Shostak, Robert E and Einstock, Charles B},
  journal={Proceedings of the IEEE},
  volume={66},
  number={10},
  pages={1240--1255},
  year={1978},
  publisher={IEEE}
}


@article{ftmp,
  title={FTMP—a highly reliable fault-tolerant multiprocess for aircraft},
  author={Hopkins Jr, Albert L and Smith III, T and Lala, Jaynarayan H},
  journal={Proceedings of the IEEE},
  volume={66},
  number={10},
  pages={1221--1239},
  year={1978},
  publisher={IEEE}
}

@inproceedings{miner2000analysis,
  title={Analysis of the SPIDER fault-tolerance protocols},
  author={Miner, PS},
  booktitle={Proceedings of the 5th NASA Langley Formal Methods Workshop},
  year={2000}
}

@inproceedings{miner2004unified,
  title={A unified fault-tolerance protocol},
  author={Miner, Paul and Geser, Alfons and Pike, Lee and Maddalon, Jeffrey},
  organization={Springer}
}

@article{hoyme1993safebus,
  title={SAFEbus (for avionics)},
  author={Hoyme, Kenneth and Driscoll, Kevin},
  journal={Aerospace and Electronic Systems Magazine, IEEE},
  volume={8},
  number={3},
  pages={34--39},
  year={1993},
  publisher={IEEE}
}




@inproceedings{raft,
  title={In search of an understandable consensus algorithm},
  author={Ongaro, Diego and Ousterhout, John},
  booktitle={2014 USENIX Annual Technical Conference (USENIX ATC 14)},
  pages={305--319},
  year={2014}
}

@phdthesis{raft_thesis,
  title={Consensus: Bridging theory and practice},
  author={Ongaro, Diego},
  year={2014},
  school={Stanford University}
}



@misc{bitcoin,
  title={Bitcoin: A peer-to-peer electronic cash system},
  author={Nakamoto, Satoshi},
  year={2008}
}


@article{ethereum,
  title={Ethereum: A secure decentralised generalised transaction ledger},
  author={Wood, Gavin},
  journal={Ethereum Project Yellow Paper},
  year={2014}
}


@article{sidechains,
  title={Enabling blockchain innovations with pegged sidechains},
  author={Back, Adam and Maxwell, G and Corallo, M and Friedenbach, Mark and Dashjr, L},
  year={2014}
}


@article{peercoin,
  title={Ppcoin: Peer-to-peer crypto-currency with proof-of-stake},
  author={King, Sunny and Nadal, Scott},
  journal={self-published paper, August},
  volume={19},
  year={2012}
}


@misc{bittorrent,
  title={The BitTorrent protocol specification},
  author={Cohen, Bram},
  year={2008},
  publisher={BITTORRENT}
}

@inproceedings{libswift,
  title={Performance analysis of the libswift p2p streaming protocol},
  author={Petrocco, Riccardo and Pouwelse, Johan and Epema, Dick HJ},
  booktitle={Peer-to-Peer Computing (P2P), 2012 IEEE 12th International Conference on},
  pages={103--114},
  year={2012},
  organization={IEEE}
}


@inproceedings{merkle1987digital,
  title={A digital signature based on a conventional encryption function},
  author={Merkle, Ralph C},
  booktitle={Advances in Cryptology—CRYPTO’87},
  pages={369--378},
  year={1987},
  organization={Springer}
}

@article{hursch1995separation,
  title={Separation of concerns},
  author={H{\"u}rsch, Walter L and Lopes, Cristina Videira},
  year={1995},
  publisher={Citeseer}
}


@article{cigarette_smokers,
  title={On a solution and a generalization of the Cigarette Smokers' Problem},
  author={Habermann, A Nico},
  year={1972}
}

@article{dining_philosophers,
  title={Hierarchical ordering of sequential processes},
  author={Dijkstra, Edsger W.},
  journal={Acta informatica},
  volume={1},
  number={2},
  pages={115--138},
  year={1971},
  publisher={Springer}
}

@article{shamir1979share,
  title={How to share a secret},
  author={Shamir, Adi},
  journal={Communications of the ACM},
  volume={22},
  number={11},
  pages={612--613},
  year={1979},
  publisher={ACM}
}

@inproceedings{replay,
  title={A taxonomy of replay attacks [cryptographic protocols]},
  author={Syverson, Paul},
  booktitle={Computer Security Foundations Workshop VII, 1994. CSFW 7. Proceedings},
  pages={187--191},
  year={1994},
  organization={IEEE}
}


@inproceedings{kotla2004high,
  title={High throughput Byzantine fault tolerance},
  author={Kotla, Ramakrishna and Dahlin, Mike},
  booktitle={Dependable Systems and Networks, 2004 International Conference on},
  pages={575--584},
  year={2004},
  organization={IEEE}
}

@inproceedings{kotla2007zyzzyva,
  title={Zyzzyva: speculative byzantine fault tolerance},
  author={Kotla, Ramakrishna and Alvisi, Lorenzo and Dahlin, Mike and Clement, Allen and Wong, Edmund},
  booktitle={ACM SIGOPS Operating Systems Review},
  volume={41},
  number={6},
  pages={45--58},
  year={2007},
  organization={ACM}
}


@inproceedings{garcia2011efficient,
  title={Efficient middleware for byzantine fault tolerant database replication},
  author={Garcia, Rui and Rodrigues, Rodrigo and Pregui{\c{c}}a, Nuno},
  booktitle={Proceedings of the sixth conference on Computer systems},
  pages={107--122},
  year={2011},
  organization={ACM}
}

@inproceedings{canetti1993fast,
  title={Fast asynchronous Byzantine agreement with optimal resilience},
  author={Canetti, Ran and Rabin, Tal},
  booktitle={Proceedings of the twenty-fifth annual ACM symposium on Theory of computing},
  pages={42--51},
  year={1993},
  organization={ACM}
}

@inproceedings{cachin2000random,
  title={Random oracles in constantipole: practical asynchronous Byzantine agreement using cryptography},
  author={Cachin, Christian and Kursawe, Klaus and Shoup, Victor},
  booktitle={Proceedings of the nineteenth annual ACM symposium on Principles of distributed computing},
  pages={123--132},
  year={2000},
  organization={ACM}
}

@inproceedings{feldman1988optimal,
  title={Optimal algorithms for Byzantine agreement},
  author={Feldman, Paul and Micali, Silvio},
  booktitle={Proceedings of the twentieth annual ACM symposium on Theory of computing},
  pages={148--161},
  year={1988},
  organization={ACM}
}

@inproceedings{oki1988viewstamped,
  title={Viewstamped replication: A new primary copy method to support highly-available distributed systems},
  author={Oki, Brian M and Liskov, Barbara H},
  booktitle={Proceedings of the seventh annual ACM Symposium on Principles of distributed computing},
  pages={8--17},
  year={1988},
  organization={ACM}
}


@inproceedings{junqueira2011zab,
  title={Zab: High-performance broadcast for primary-backup systems},
  author={Junqueira, Flavio P and Reed, Benjamin C and Serafini, Marco},
  booktitle={Dependable Systems \& Networks (DSN), 2011 IEEE/IFIP 41st International Conference on},
  pages={245--256},
  year={2011},
  organization={IEEE}
}

@article{van2015vive,
  title={Vive la diff{\'e}rence: Paxos vs. viewstamped replication vs. zab},
  author={Van Renesse, Robbert and Schiper, Nicolas and Schneider, Fred B},
  journal={Dependable and Secure Computing, IEEE Transactions on},
  volume={12},
  number={4},
  pages={472--484},
  year={2015},
  publisher={IEEE}
}


@inproceedings{woos2016planning,
  title={Planning for change in a formal verification of the raft consensus protocol},
  author={Woos, Doug and Wilcox, James R and Anton, Steve and Tatlock, Zachary and Ernst, Michael D and Anderson, Thomas},
  booktitle={Proceedings of the 5th ACM SIGPLAN Conference on Certified Programs and Proofs},
  pages={154--165},
  year={2016},
  organization={ACM}
}

@inproceedings{wilcox2015verdi,
  title={Verdi: A framework for implementing and formally verifying distributed systems},
  author={Wilcox, James R and Woos, Doug and Panchekha, Pavel and Tatlock, Zachary and Wang, Xi and Ernst, Michael D and Anderson, Thomas},
  booktitle={Proceedings of the 36th ACM SIGPLAN Conference on Programming Language Design and Implementation},
  pages={357--368},
  year={2015},
  organization={ACM}
}


@inproceedings{vukolic11quest,
  title={The quest for scalable blockchain fabric: Proof-of-work vs. BFT replication},
  author={Vukolic, Marko},
  booktitle={Proc. IFIP WG 11.4 Workshop on Open Research Problems in Network Security (iNetSec 2015)}
}

@article{cachin2016non,
  title={Non-determinism in Byzantine Fault-Tolerant Replication},
  author={Cachin, Christian and Schubert, Simon and Vukoli{\'c}, Marko},
  journal={arXiv preprint arXiv:1603.07351},
  year={2016}
}

@techreport{honeybadger,
  title={The Honey Badger of BFT Protocols},
  author={Miller, Andrew and Xia, Yu and Croman, Kyle and Shi, Elaine and Song, Dawn},
  year={2016},
  institution={Cryptology ePrint Archive 2016/199}
}


@inproceedings{miller2015nonoutsourceable,
  title={Nonoutsourceable Scratch-Off Puzzles to Discourage Bitcoin Mining Coalitions},
  author={Miller, Andrew and Kosba, Ahmed and Katz, Jonathan and Shi, Elaine},
  booktitle={Proceedings of the 22nd ACM SIGSAC Conference on Computer and Communications Security},
  pages={680--691},
  year={2015},
  organization={ACM}
}

@article{back2014enabling,
  title={Enabling blockchain innovations with pegged sidechains},
  author={Back, Adam and Maxwell, G and Corallo, M and Friedenbach, Mark and Dashjr, L},
  year={2014}
}

@techreport{poon2015bitcoin,
  title={The bitcoin lightning network: Scalable off-chain instant payments},
  author={Poon, Joseph and Dryja, Thaddeus},
  year={2015},
  institution={Technical Report (draft). https://lightning. network}
}

@article{eyal2015bitcoin,
  title={Bitcoin-ng: A scalable blockchain protocol},
  author={Eyal, Ittay and Gencer, Adem Efe and Sirer, Emin Gun and van Renesse, Robbert},
  journal={arXiv preprint arXiv:1510.02037},
  year={2015}
}

@incollection{eyal2014majority,
  title={Majority is not enough: Bitcoin mining is vulnerable},
  author={Eyal, Ittay and Sirer, Emin G{\"u}n},
  booktitle={Financial Cryptography and Data Security},
  pages={436--454},
  year={2014},
  publisher={Springer}
}

@article{courtois2014subversive,
  title={On subversive miner strategies and block withholding attack in bitcoin digital currency},
  author={Courtois, Nicolas T and Bahack, Lear},
  journal={arXiv preprint arXiv:1402.1718},
  year={2014}
}

@misc{buterin2013ethereum,
  title={Ethereum white paper: a next generation smart contract \& decentralized application platform},
  author={Buterin, Vitalik},
  year={2013}
}

@incollection{ghost,
  title={Secure high-rate transaction processing in Bitcoin},
  author={Sompolinsky, Yonatan and Zohar, Aviv},
  booktitle={Financial Cryptography and Data Security},
  pages={507--527},
  year={2015},
  publisher={Springer}
}


@article{girard1987linear,
  title={Linear logic},
  author={Girard, Jean-Yves},
  journal={Theoretical computer science},
  volume={50},
  number={1},
  pages={1--101},
  year={1987},
  publisher={Elsevier}
}

@incollection{bove2009dependent,
  title={Dependent types at work},
  author={Bove, Ana and Dybjer, Peter},
  booktitle={Language engineering and rigorous software development},
  pages={57--99},
  year={2009},
  publisher={Springer}
}

@techreport{avl,
  title={An algorithm for the organization of information},
  author={AdelsonVelskii, M and Landis, Evgenii Mikhailovich},
  year={1963},
  institution={DTIC Document}
}

@article{golang,
  title={The Go Programming Language},
  author={Pike, Rob},
  journal={Talk given at Google’s Tech Talks},
  year={2009}
}


@misc{openssl,
  title = {OpenSSL Vulnerabilities},
  howpublished = {https://www.openssl.org/news/vulnerabilities.html},
  note = {Accessed: 2016-04-01}
}

@misc{jsonrpc,
  title = {JSON-RPC},
  howpublished = {http://json-rpc.org/},
  note = {Accessed: 2016-04-01}
}

@misc{blockchaininfo,
  title = {Bitcoin Blockchain Charts},
  howpublished = {https://blockchain.info/charts},
  note = {Accessed: 2016-04-01}
}

@misc{raft.github.io,
  title = {The Raft Consensus Algorithm},
  howpublished = {http://raft.github.io},
  note = {Accessed: 2016-04-01}
}

@misc{coreos_raft,
  title = {ETCD Distributed Key-Value Store Source Code Repository},
  howpublished = {https://github.com/coreos/etcd},
  note = {Accessed: 2016-04-01}
}

@misc{hashicorp_raft,
  title = {Hashicorp's Golang Implementation of Raft},
  howpublished = {https://github.com/hashicorp/raft},
  note = {Accessed: 2016-04-01}
}

@misc{influxdb,
  title = {InfluxDB: Scalable datastore for metrics, events, and real-time analytics},
  howpublished = {https://github.com/influxdata/influxdb},
  note = {Accessed: 2016-04-01}
}

@misc{obc,
  title = {OpenBlockChain: Blockchain Fabric Code},
  howpublished = {https://github.com/openblockchain/obc-peer},
  note = {Accessed: 2016-04-01}
}

@misc{obc,
  title = {OpenBlockChain: Blockchain Fabric Code},
  howpublished = {https://github.com/openblockchain/obc-peer},
  note = {Accessed: 2016-04-01}
}

@misc{deterministicjs,
  title = {A Deterministic Version of Javascript},
  howpublished = {https://github.com/NodeGuy/Deterministic.js},
  note = {Accessed: 2016-04-01}
}



@incollection{ed25519,
  title={Curve25519: new Diffie-Hellman speed records},
  author={Bernstein, Daniel J},
  booktitle={Public Key Cryptography-PKC 2006},
  pages={207--228},
  year={2006},
  publisher={Springer}
}

@incollection{economist_blockchains,
  title={The Trust Machine},
  year={2015},
  publisher={The Economist}
}

@article{authenticated_encryption,
  title={Authentication and authenticated key exchanges},
  author={Diffie, Whitfield and Van Oorschot, Paul C and Wiener, Michael J},
  journal={Designs, Codes and cryptography},
  volume={2},
  number={2},
  pages={107--125},
  year={1992},
  publisher={Springer}
}

@inproceedings{rarest_first,
  title={Rarest first and choke algorithms are enough},
  author={Legout, Arnaud and Urvoy-Keller, Guillaume and Michiardi, Pietro},
  booktitle={Proceedings of the 6th ACM SIGCOMM conference on Internet measurement},
  pages={203--216},
  year={2006},
  organization={ACM}
}

@article{tangaroa,
  title={Tangaroa: a Byzantine Fault Tolerant Raft},
  author={Copeland, Christopher and Zhong, Hongxia}
}

@article{halting,
  title={On computable numbers, with an application to the Entscheidungsproblem},
  author={Turing, Alan Mathison},
  journal={J. of Math},
  volume={58},
  number={345-363},
  pages={5},
  year={1936}
}

@book{davis1958computability,
  title={Computability \& unsolvability},
  author={Davis, Martin},
  year={1958},
  publisher={Courier Corporation}
}


@article{protobuf,
  title={Protocol buffers: Google’s data interchange format},
  author={Varda, Kenton},
  journal={Google Open Source Blog, Available at least as early as Jul},
  year={2008}
}

