
@article{rao2011using,
  title={Using Paxos to build a scalable, consistent, and highly available datastore},
  author={Rao, Jun and Shekita, Eugene J and Tata, Sandeep},
  journal={Proceedings of the VLDB Endowment},
  volume={4},
  number={4},
  pages={243--254},
  year={2011},
  publisher={VLDB Endowment}
}

@incollection{lampson1996paxos,
  title={How to build a highly available system using consensus},
  author={Lampson, Butler W},
  booktitle={Distributed Algorithms},
  pages={1--17},
  year={1996},
  publisher={Springer},
  annote={practical guide to using paxos}
}
@inproceedings{dynamo,
  title={Dynamo: amazon's highly available key-value store},
  author={DeCandia, Giuseppe and Hastorun, Deniz and Jampani, Madan and Kakulapati, Gunavardhan and Lakshman, Avinash and Pilchin, Alex and Sivasubramanian, Swaminathan and Vosshall, Peter and Vogels, Werner},
  booktitle={ACM SIGOPS Operating Systems Review},
  volume={41},
  number={6},
  pages={205--220},
  year={2007},
  organization={ACM}
}

@inproceedings{chubby,
  title={The Chubby lock service for loosely-coupled distributed systems},
  author={Burrows, Mike},
  booktitle={Proceedings of the 7th symposium on Operating systems design and implementation},
  pages={335--350},
  year={2006},
  organization={USENIX Association}
}

@inproceedings{zookeeper,
  title={ZooKeeper: Wait-free Coordination for Internet-scale Systems.},
  author={Hunt, Patrick and Konar, Mahadev and Junqueira, Flavio Paiva and Reed, Benjamin},
  booktitle={USENIX Annual Technical Conference},
  volume={8},
  pages={9},
  year={2010}
}


@article{sift,
  title={SIFT: Design and analysis of a fault-tolerant computer for aircraft control},
  author={Wensley, John H and Lamport, Leslie and Goldberg, Jack and Green, Milton W and Levitt, Karl N and Melliar-Smith, Po Mo and Shostak, Robert E and Einstock, Charles B},
  journal={Proceedings of the IEEE},
  volume={66},
  number={10},
  pages={1240--1255},
  year={1978},
  publisher={IEEE}
}


@article{ftmp,
  title={FTMPâ€”a highly reliable fault-tolerant multiprocess for aircraft},
  author={Hopkins Jr, Albert L and Smith III, T and Lala, Jaynarayan H},
  journal={Proceedings of the IEEE},
  volume={66},
  number={10},
  pages={1221--1239},
  year={1978},
  publisher={IEEE}
}

@inproceedings{miner2000analysis,
  title={Analysis of the SPIDER fault-tolerance protocols},
  author={Miner, PS},
  booktitle={Proceedings of the 5th NASA Langley Formal Methods Workshop},
  year={2000}
}

@inproceedings{miner2004unified,
  title={A unified fault-tolerance protocol},
  author={Miner, Paul and Geser, Alfons and Pike, Lee and Maddalon, Jeffrey},
  organization={Springer}
}

@article{hoyme1993safebus,
  title={SAFEbus (for avionics)},
  author={Hoyme, Kenneth and Driscoll, Kevin},
  journal={Aerospace and Electronic Systems Magazine, IEEE},
  volume={8},
  number={3},
  pages={34--39},
  year={1993},
  publisher={IEEE}
}

@misc{coreos_raft,
  title = {ETCD Distributed Key-Value Store Source Code Repository},
  howpublished = {https://github.com/coreos/etcd},
  note = {Accessed: 2016-04-01}
}

@misc{hashicorp_raft,
  title = {Hashicorp's Implementation of Raft in Go},
  howpublished = {https://github.com/hashicorp/raft},
  note = {Accessed: 2016-04-01}
}

@misc{influxdb,
  title = {InfluxDB: Scalable datastore for metrics, events, and real-time analytics},
  howpublished = {https://github.com/influxdata/influxdb},
  note = {Accessed: 2016-04-01}
}

@inproceedings{chandra2007paxos,
  title={Paxos made live: an engineering perspective},
  author={Chandra, Tushar D and Griesemer, Robert and Redstone, Joshua},
  booktitle={Proceedings of the twenty-sixth annual ACM symposium on Principles of distributed computing},
  pages={398--407},
  year={2007},
  organization={ACM},
  annote={ experience from building Chubby }
}

