
@misc{bitcoin,
  title={Bitcoin: A peer-to-peer electronic cash system},
  author={Nakamoto, Satoshi},
  year={2008}
}


@article{ethereum,
  title={Ethereum: A secure decentralised generalised transaction ledger},
  author={Wood, Gavin},
  journal={Ethereum Project Yellow Paper},
  year={2014}
}

@article{sidechains,
  title={Enabling blockchain innovations with pegged sidechains},
  author={Back, Adam and Maxwell, G and Corallo, M and Friedenbach, Mark and Dashjr, L},
  year={2014}
}


@article{peercoin,
  title={Ppcoin: Peer-to-peer crypto-currency with proof-of-stake},
  author={King, Sunny and Nadal, Scott},
  journal={self-published paper, August},
  volume={19},
  year={2012}
}


@misc{bittorrent,
  title={The BitTorrent protocol specification},
  author={Cohen, Bram},
  year={2008},
  publisher={BITTORRENT}
}

@inproceedings{libswift,
  title={Performance analysis of the libswift p2p streaming protocol},
  author={Petrocco, Riccardo and Pouwelse, Johan and Epema, Dick HJ},
  booktitle={Peer-to-Peer Computing (P2P), 2012 IEEE 12th International Conference on},
  pages={103--114},
  year={2012},
  organization={IEEE}
}


@inproceedings{merkle1987digital,
  title={A digital signature based on a conventional encryption function},
  author={Merkle, Ralph C},
  booktitle={Advances in Cryptology—CRYPTO’87},
  pages={369--378},
  year={1987},
  organization={Springer}
}

@article{shamir1979share,
  title={How to share a secret},
  author={Shamir, Adi},
  journal={Communications of the ACM},
  volume={22},
  number={11},
  pages={612--613},
  year={1979},
  publisher={ACM}
}

@inproceedings{replay,
  title={A taxonomy of replay attacks [cryptographic protocols]},
  author={Syverson, Paul},
  booktitle={Computer Security Foundations Workshop VII, 1994. CSFW 7. Proceedings},
  pages={187--191},
  year={1994},
  organization={IEEE}
}

@inproceedings{vukolic11quest,
  title={The quest for scalable blockchain fabric: Proof-of-work vs. BFT replication},
  author={Vukolic, Marko},
  booktitle={Proc. IFIP WG 11.4 Workshop on Open Research Problems in Network Security (iNetSec 2015)}
}

@techreport{honeybadger,
  title={The Honey Badger of BFT Protocols},
  author={Miller, Andrew and Xia, Yu and Croman, Kyle and Shi, Elaine and Song, Dawn},
  year={2016},
  institution={Cryptology ePrint Archive 2016/199}
}


@techreport{poon2015bitcoin,
  title={The bitcoin lightning network: Scalable off-chain instant payments},
  author={Poon, Joseph and Dryja, Thaddeus},
  year={2015},
  institution={Technical Report (draft). https://lightning. network}
}

@article{miller2014anonymous,
  title={Anonymous byzantine consensus from moderately-hard puzzles: A model for bitcoin},
  author={Miller, Andrew and LaViola Jr, Joseph J},
  journal={Retrieved from Anonymous Byzantine Consensus from Moderately-Hard Puzzles: A Model for Bitcoin},
  year={2014}
}

@inproceedings{miller2015nonoutsourceable,
  title={Nonoutsourceable Scratch-Off Puzzles to Discourage Bitcoin Mining Coalitions},
  author={Miller, Andrew and Kosba, Ahmed and Katz, Jonathan and Shi, Elaine},
  booktitle={Proceedings of the 22nd ACM SIGSAC Conference on Computer and Communications Security},
  pages={680--691},
  year={2015},
  organization={ACM}
}

@article{eyal2015bitcoin,
  title={Bitcoin-ng: A scalable blockchain protocol},
  author={Eyal, Ittay and Gencer, Adem Efe and Sirer, Emin Gun and van Renesse, Robbert},
  journal={arXiv preprint arXiv:1510.02037},
  year={2015}
}

@incollection{eyal2014majority,
  title={Majority is not enough: Bitcoin mining is vulnerable},
  author={Eyal, Ittay and Sirer, Emin G{\"u}n},
  booktitle={Financial Cryptography and Data Security},
  pages={436--454},
  year={2014},
  publisher={Springer}
}

@article{courtois2014subversive,
  title={On subversive miner strategies and block withholding attack in bitcoin digital currency},
  author={Courtois, Nicolas T and Bahack, Lear},
  journal={arXiv preprint arXiv:1402.1718},
  year={2014}
}

@misc{buterin2013ethereum,
  title={Ethereum white paper: a next generation smart contract \& decentralized application platform},
  author={Buterin, Vitalik},
  year={2013}
}

@incollection{ghost,
  title={Secure high-rate transaction processing in Bitcoin},
  author={Sompolinsky, Yonatan and Zohar, Aviv},
  booktitle={Financial Cryptography and Data Security},
  pages={507--527},
  year={2015},
  publisher={Springer}
}

@misc{blockchaininfo,
  title = {Bitcoin Blockchain Charts},
  howpublished = {https://blockchain.info/charts},
  note = {Accessed: 2016-04-01}
}

@misc{obc,
  title = {OpenBlockChain: Blockchain Fabric Code},
  howpublished = {https://github.com/openblockchain/obc-peer},
  note = {Accessed: 2016-04-01}
}

@misc{deterministicjs,
  title = {A Deterministic Version of Javascript},
  howpublished = {https://github.com/NodeGuy/Deterministic.js},
  note = {Accessed: 2016-04-01}
}

@misc{slasher,
  title = {Slasher: a punitive proof of stake algorithm},
  author={Buterin, Vitalik},
  howpublished = {https://blog.ethereum.org/2014/01/15/slasher-a-punitive-proof-of-stake-algorithm/},
  note = {Accessed: 2016-04-01}
}



@incollection{ed25519,
  title={Curve25519: new Diffie-Hellman speed records},
  author={Bernstein, Daniel J},
  booktitle={Public Key Cryptography-PKC 2006},
  pages={207--228},
  year={2006},
  publisher={Springer}
}

@incollection{economist_blockchains,
  title={The Trust Machine},
  year={2015},
  publisher={The Economist}
}

@article{authenticated_encryption,
  title={Authentication and authenticated key exchanges},
  author={Diffie, Whitfield and Van Oorschot, Paul C and Wiener, Michael J},
  journal={Designs, Codes and cryptography},
  volume={2},
  number={2},
  pages={107--125},
  year={1992},
  publisher={Springer}
}

@book{snowden,
  title={No place to hide: Edward Snowden, the NSA, and the US surveillance state},
  author={Greenwald, Glenn},
  year={2014},
  publisher={Macmillan}
}

@article{schneier2007did,
  title={Did NSA put a secret backdoor in new encryption standard?, 2007},
  author={Schneier, Bruce},
  journal={URL http://archive. wired. com/politics/security/commentary/securitymatters/2007/11/securitymatters},
  volume={1115}
}

@book{levy2001crypto,
  title={Crypto: How the Code Rebels Beat the Government--Saving Privacy in the Digital Age},
  author={Levy, Steven},
  year={2001},
  publisher={Penguin}
}

@article{szabo1997formalizing,
  title={Formalizing and securing relationships on public networks},
  author={Szabo, Nick},
  journal={First Monday},
  volume={2},
  number={9},
  year={1997}
}


@misc{juno,
  author = {Buckie},
  title = {Juno - Smart Contracts Running on a BFT Hardened Raft},
  year = {2016},
  publisher = {GitHub},
  journal = {GitHub repository},
  howpublished = {\url{https://github.com/buckie/juno}},
  commit = {3426e7344389a66b19b64635f8b43fc0ec95aafd}
}


@misc{casper,
  title = {Introducing Casper “the Friendly Ghost”},
  author = {Vlad Zamfir},
  howpublished = {https://blog.ethereum.org/2015/08/01/introducing-casper-friendly-ghost/},
  note = {Accessed: 2016-05-012}
}

@article{king2012ppcoin,
  title={Ppcoin: Peer-to-peer crypto-currency with proof-of-stake},
  author={King, Sunny and Nadal, Scott},
  journal={self-published paper, August},
  volume={19},
  year={2012}
}

@misc{poelstra2014distributed,
  title={Distributed Consensus from Proof of Stake is Impossible},
  author={Poelstra, Andrew and others},
  year={2014},
  publisher={May}
}

