
@techreport{avl,
  title={An algorithm for the organization of information},
  author={AdelsonVelskii, M and Landis, Evgenii Mikhailovich},
  year={1963},
  institution={DTIC Document}
}

@article{golang,
  title={The Go Programming Language},
  author={Pike, Rob},
  journal={Talk given at Google’s Tech Talks},
  year={2009}
}


@misc{openssl,
  title = {OpenSSL Vulnerabilities},
  howpublished = {https://www.openssl.org/news/vulnerabilities.html},
  note = {Accessed: 2016-04-01}
}

@misc{jsonrpc,
  title = {JSON-RPC},
  howpublished = {http://json-rpc.org/},
  note = {Accessed: 2016-04-01}
}

@article{halting,
  title={On computable numbers, with an application to the Entscheidungsproblem},
  author={Turing, Alan Mathison},
  journal={J. of Math},
  volume={58},
  number={345-363},
  pages={5},
  year={1936}
}

@book{davis1958computability,
  title={Computability \& unsolvability},
  author={Davis, Martin},
  year={1958},
  publisher={Courier Corporation}
}


@article{protobuf,
  title={Protocol buffers: Google’s data interchange format},
  author={Varda, Kenton},
  journal={Google Open Source Blog, Available at least as early as Jul},
  year={2008}
}

@inproceedings{rarest_first,
  title={Rarest first and choke algorithms are enough},
  author={Legout, Arnaud and Urvoy-Keller, Guillaume and Michiardi, Pietro},
  booktitle={Proceedings of the 6th ACM SIGCOMM conference on Internet measurement},
  pages={203--216},
  year={2006},
  organization={ACM}
}

@article{hursch1995separation,
  title={Separation of concerns},
  author={H{\"u}rsch, Walter L and Lopes, Cristina Videira},
  year={1995},
  publisher={Citeseer}
}
